@misc{wikipedia-fnv,
  author  = {{Wikipedia contributors}},
  title   = {Fowler--Noll--Vo hash function},
  year    = {2025},
  url     = {https://en.wikipedia.org/wiki/Fowler%E2%80%93Noll%E2%80%93Vo_hash_function},
  urldate = {2025-09-11}
}